@incollection{Chang2018,
  doi = {10.1007/978-1-4939-7717-8_6},
  url = {https://doi.org/10.1007/978-1-4939-7717-8_6},
  year = {2018},
  publisher = {Springer New York},
  pages = {97--108},
  author = {Michelle Chang and Lin He and Lei Cai},
  title = {An Overview of Genome-Wide Association Studies},
  booktitle = {Methods in Molecular Biology}
}

@article{Dickhaus2012,
  doi = {10.1515/1544-6115.1776},
  url = {https://doi.org/10.1515/1544-6115.1776},
  year = {2012},
  month = jan,
  publisher = {Walter de Gruyter {GmbH}},
  volume = {11},
  number = {4},
  author = {Thorsten Dickhaus and Klaus Stra{\ss}burger and Daniel Schunk and Carlos Morcillo-Suarez and Thomas Illig and Arcadi Navarro},
  title = {How to analyze many contingency tables simultaneously in genetic association studies},
  journal = {Statistical Applications in Genetics and Molecular Biology}
}

@article{Sethuraman2019,
  doi = {10.1111/1755-0998.12969},
  url = {https://doi.org/10.1111/1755-0998.12969},
  year = {2019},
  month = jan,
  publisher = {Wiley},
  volume = {19},
  number = {1},
  pages = {23--26},
  author = {Arun Sethuraman and Nicolette M. Gonzalez and Christy E. Grenier and Khyati S. Kansagra and Ken K. Mey and Stefany B. Nunez-Zavala and Bryce E. W. Summerhays and Gwendalyn K. Wulf},
  title = {Continued misuse of multiple testing correction methods in population genetics-A wake-up call?},
  journal = {Molecular Ecology Resources}
}
@article{Steiss2012,
  doi = {10.1093/bioinformatics/bts086},
  url = {https://doi.org/10.1093/bioinformatics/bts086},
  year = {2012},
  month = feb,
  publisher = {Oxford University Press ({OUP})},
  volume = {28},
  number = {8},
  pages = {1168--1169},
  author = {V. Steiss and T. Letschert and H. Schafer and R. Pahl},
  title = {{PERMORY}-{MPI}: a program for high-speed parallel permutation testing in genome-wide association studies},
  journal = {Bioinformatics}
}
@article{Goeman2014,
  doi = {10.1002/sim.6082},
  url = {https://doi.org/10.1002/sim.6082},
  year = {2014},
  month = jan,
  publisher = {Wiley},
  volume = {33},
  number = {11},
  pages = {1946--1978},
  author = {Jelle J. Goeman and Aldo Solari},
  title = {Multiple hypothesis testing in genomics},
  journal = {Statistics in Medicine}
}
